@article{bhatPRL05,
  title = {Pure Spin Current from One-Photon Absorption of Linearly Polarized Light in Noncentrosymmetric Semiconductors},
  author = {Bhat, R. D. R and Nastos, F. and Najmaie, Ali and Sipe, J. E.},
  journal = {Phys. Rev. Lett.},
  volume = {94},
  issue = {9},
  pages = {096603},
  numpages = {4},
  year = {2005},
  month = {Mar},
  publisher = {American Physical Society},
  doi = {10.1103/PhysRevLett.94.096603},
  url = {http://link.aps.org/doi/10.1103/PhysRevLett.94.096603}
}
