@article{andersonPRB15,
    title={Theory of surface second-harmonic generation for semiconductors including effects of nonlocal operators},
    author={Anderson, S. M. and Tancogne-Dejean, N. and Mendoza, B. S. and V{\'e}niard, V.},
    journal={Phys. Rev. B},
    volume={91},
    number={7},
    pages={075302},
    year={2015},
    publisher={APS}
}
@article{cabellosPRB11,
    title={Optical coherent current control at surfaces: Theory of injection current},
    author={Cabellos, J. L. and Mendoza, B. S. and Shkrebtii, A. I.},
    journal={Phys. Rev. B},
    volume={84},
    number={19},
    pages={195326},
    year={2011},
    publisher={APS}
}
@article{PhysRevLett.94.096603,
  title = {Pure Spin Current from One-Photon Absorption of Linearly Polarized Light in Noncentrosymmetric Semiconductors},
  author = {Bhat, R. D. R and Nastos, F. and Najmaie, Ali and Sipe, J. E.},
  journal = {Phys. Rev. Lett.},
  volume = {94},
  issue = {9},
  pages = {096603},
  numpages = {4},
  year = {2005},
  month = {Mar},
  publisher = {American Physical Society},
  doi = {10.1103/PhysRevLett.94.096603},
  url = {http://link.aps.org/doi/10.1103/PhysRevLett.94.096603}
}
@article{nastosPRB07,
    title={Full band structure LDA and kâˆ™ p calculations of optical spin-injection},
    author={Nastos, F. and Rioux, J. and Strimas-Mackey, M. and Mendoza, B. S. and Sipe, J. E.},
    journal={Phys. Rev. B},
    volume={76},
    number={20},
    pages={205113},
    year={2007},
    publisher={APS}
}
