@article{laman1999quantum,
  title={Quantum interference control of currents in CdSe with a single optical beam},
  author={Laman, N and Shkrebtii, AI and Sipe, JE and Van Driel, HM},
  journal={Applied physics letters},
  volume={75},
  number={17},
  pages={2581--2583},
  year={1999},
  publisher={AIP Publishing}
}
